2618 3884
149 189 338 274 σοι-939]
391 171 396 183 ’
534 184 822 256 ιΠΠοκοτοΣ.

260 392 337 460 ἀλλ’
353 393 394 460 ῶς
409 392 446 458 τὸ
459 394 568 479 μῶρον
581 389 737 478 ἀνδράσιν
750 388 810 472 μὲν
824 389 882 454 οὐκ
896 387 952 466 ένι,

260 502 387 588 ’γυναιξὶ
401 501 428 568 δ’
443 501 634 596 ἐμπέφυκεν·
657 499 714 566 οἶδ’
731 498 793 584 ἐγὼ
808 498 894 586 νέους

260 616 351 683 οὐδὲν
363 618 522 700 γυναικῶν
537 614 630 685 ὄντας
645 602 918 702 άσφαλεστέρους,

262 721 339 788 ὅταν
353 719 476 809 ταράξῃ
491 719 618 806 Κύπρις
632 720 769 800 ἡβῶσαν
783 717 893 807 φρένα·

262 861 300 899 το
286 831 379 899 δ”
357 859 457 934 αρσεν
471 830 585 899 αὐτοὺς
600 821 720 922 ὠφελεῖ
733 829 972 918 προσκείμενον.

264 951 318 1014 νῦν
333 946 388 1012 οὖν
402 945 438 1012 τί
449 949 552 1012 ταῦτα
566 945 636 1015 σοῖς
650 944 839 1027 άμιλλῶμαι
852 941 970 1026 λάροις,

264 1065 375 1148 νεκροῦ
388 1027 546 1148 παρόντος
559 1057 719 1146 μάρτυρος
734 1055 943 1144 σαφεστάτου
957 1085 968 1134 ,·

265 1171 371 1260 ἔξερρε
384 1171 477 1256 ιραίας
492 1169 583 1254 τῆσδ’
590 1147 792 1261 ᾗσρντάχος
807 1167 920 1255 φυγὰς,

265 1281 319 1348 καὶ
333 1280 406 1366 μήτ’
421 1269 558 1362 Ἀθήνας
572 1280 630 1378 τὰς
645 1259 716 1404 θεσφ
741 1307 834 1362 ητους
848 1278 950 1365 μόλῃς

266 1391 338 1478 μήτ’
355 1393 399 1465 εἰς
413 1393 504 1481 ὅρους
518 1395 577 1477 γῆς
591 1393 628 1474 ἧς
643 1390 718 1475 ε’μὸν
733 1394 844 1479 κρατεῖ
857 1389 941 1480 δόρυ.

228 1585 231 1591 ⁴
267 1504 296 1572 εἰ
308 1505 371 1594 ’γὰρ
388 1503 502 1570 παθών
515 1531 553 1589 ’γε
567 1509 628 1570 σοῦ
643 1501 711 1568 τάδ’
726 1500 958 1585 ἡσσηθήσομαι

268 1619 305 1684 οὐ
318 1617 526 1711 μαρτυρήσειῃ
526 1615 563 1702 μ’
575 1616 725 1700 Ἴσθμιος
741 1613 828 1687 Σίνις
835 1594 924 1680 ποτὲ

268 1735 394 1797 κτανεῖν
408 1729 530 1806 ἑαυτὸν,
545 1728 635 1795 ἀλλὰ
650 1729 825 1812 κομπάζειν
838 1728 953 1812 μάτην,

268 1842 332 1909 οὐδ’
348 1841 570 1936 αἱρέαλάσσης
585 1821 953 1936 ξύννμιοῘΣκειρωνίδες

268 1954 413 2043 φήσουσι
426 1953 543 2042 πέτραι
558 1957 624 2024 τοῖς
639 1957 747 2024 κακοῖς
760 1953 793 2034 μ’
809 1951 889 2018 εἶναι
902 1946 1017 2042 βαρύν.
1148 1959 1214 2039 980

159 2067 237 2131 XO.
269 2066 327 2131 οὐκ
341 2063 398 2130 οἶδ’
413 2063 500 2136 ὅπως
515 2062 632 2146 εἴποιμ’
648 2063 688 2129 ἂν
702 2065 847 2152 εὐτυχεῖν
860 2090 933 2130 τινα

270 2176 402 2257 θνητῶν·
426 2175 467 2241 τά
481 2175 544 2263 γάρ
559 2174 598 2256 δὴ
613 2173 713 2262 πρῶτ’
729 2173 951 2262 ἀνέστραπται
965 2176 1077 2243 πάλιν.

162 2287 229 2352 ΙΠ.
267 2287 380 2374 πάτερ,
395 2285 487 2370 μένος
502 2284 561 2370 μὲν
576 2283 731 2368 ξύστΑσίς
746 2312 781 2362 τε
796 2290 863 2351 σῶν
878 2291 1001 2374 φρενῶν

271 2396 423 2480 δεινή·
389 2425 427 2463 το
442 2395 551 2481 μέντοι
565 2395 697 2485 πρᾶγμ’,
714 2395 791 2485 έχον
805 2395 923 2468 καλοὺς
936 2396 1060 2483 λάγους,

270 2509 301 2574 εἴ
313 2535 361 2580 τις
376 2506 636 2636 &amfiffecevst
603 2535 640 2573 ου
654 2506 755 2574 καλὸν
770 2505 848 2574 τάδε.
1149 2516 1211 2595 985

271 2621 334 2754 εἐρω
316 2618 375 2686 δ’
391 2579 586 2712 άκομφος’
557 2647 601 2690 εις
615 2619 717 2708 ὄχλου
731 2618 840 2685 δοῦναι
854 2617 960 2704 λόγον,
1248 2615 1250 2620 ’

272 2730 316 2802 εἰς
329 2731 444 2824 ἥλικας
459 2730 493 2796 δὲ
508 2729 664 2816 κῶλάμονς
678 2728 869 2817 σοφώτερος

273 2842 342 2932 ἔχει
357 2841 392 2908 δὲ
405 2847 520 2930 μοῖραν
534 2842 589 2908 καὶ
603 2840 677 2908 τάδ’·
701 2841 733 2907 οἱ
744 2841 807 2930 γάρ
823 2843 857 2908 ἐν
871 2847 985 2930 σοφοῖς

234 2945 239 2958 ’
273 2959 394 3042 φαῶλοι
408 2953 484 3044 παρ’
500 2955 591 3044 ὄχλῳ
604 2932 835 3061 μουσικώτεροι
848 2953 964 3038 λέγειν.

214 3155 272 3218 966.
307 3155 469 3205 ἔνιπένεστι.
758 3164 812 3231 979.
850 3154 1037 3220 eswopow
1041 3157 1138 3207 ‘z’near
1141 3157 1213 3210 ’.lit

215 3230 271 3284 975.
308 3222 361 3282 ὅρος
373 3222 504 3282 (masc)
510 3221 672 3284 aboundary.
708 3222 837 3285 pasturmg
846 3221 967 3284 together

165 3287 219 3356 άρος
232 3288 336 3346 (neuter)
349 3287 512 3336 amountain.
758 3285 814 3348 983
850 3284 989 3348 ξύστασιςι
1006 3288 1041 3336 lit.
1057 3288 1217 3353 drawingto-

215 3361 271 3413 977.
307 3353 377 3400 Sinis
388 3353 438 3400 and
447 3353 533 3400 Sczren
541 3367 605 3400 were
611 3351 677 3406 slam
709 3351 803 3415 gether,
816 3351 875 3400 here
886 3352 948 3400 used
967 3352 995 3400 of
1011 3353 1053 3402 the
1064 3355 1217 3403 contraction

165 3419 200 3481 by
211 3417 337 3465 Theseus:
358 3416 396 3465 for
414 3417 456 3466 the
474 3418 561 3468 stories
580 3417 677 3465 consult
709 3416 738 3465 of
746 3417 788 3466 the
800 3417 870 3465 mind
880 3418 960 3467 under
970 3426 1037 3467 emot
1027 3419 1135 3468 tional
1115 3435 1217 3469 csrcum-

166 3482 287 3532 Classical
300 3482 452 3546 Dictionary.
710 3489 813 3530 stances.
1031 3492 1037 3499 ·
