2618 3884
97 208 141 287 48
482 207 745 274 ΕΥΡΙΠΙΔΟΥ
945 205 1150 289 [990—1013
1187 239 1189 242 v

206 405 290 490 ὅμως
304 404 331 472 δ’
345 407 480 490 ἀνάγκη»
496 407 660 495 ξυμφορᾶς
674 407 861 494 &imiimi
1085 423 1153 490 990

204 516 364 602 γλῶσσάν
377 515 411 601 μ’
425 517 563 607 ἀφεῖναι.
586 520 701 608 πρῷτα
716 515 742 582 δ’
757 515 896 604 ἄρξομαι
910 515 1017 601 λέγειν
1234 525 1241 533 ’

207 626 281 694 ὅθεν
294 625 326 711 μ’
342 627 480 710 ἐπῆλθες
494 631 623 715 πρῶτον
637 629 679 698 ὡς
694 626 882 716 διαφθερῶν,

207 740 286 805 κούκ
299 737 504 826 ἀντιλέξοντ’.
528 738 655 828 εἰσορᾷς
669 739 752 826 φάος
769 738 838 806 τόδε
853 725 856 737 ¹

207 853 262 920 καὶ
275 858 395 938 γαῖαν,·
418 853 452 920 ἐν
466 852 567 920 τοῖσδ’
582 854 640 919 οὐκ
655 851 756 920 ἔνεστ’
771 853 852 942 ἀνὴρ
867 854 951 938 ε’μοῧ,
994 915 996 918 .
1259 935 1262 940 ‚

207 963 272 1030 οὐδ’
286 945 384 1047 ἦνσὺ
396 963 442 1050 μὴ
457 969 528 1053 φῇς,
542 963 801 1053 σωφρονέστερος
815 965 923 1050 γεγώς.
1021 1041 1023 1045 ,
1086 980 1147 1049 995
1234 957 1238 961 ’

208 1074 386 1160 ἐπίσταμαι
400 1074 463 1163 γὰρ
477 1079 592 1164 πρῶτα
605 1075 665 1159 μέν
679 1073 768 1146 θεοὺς
783 1075 904 1156 σέβειν,

206 1185 315 1275 φίλοις
329 1212 365 1252 τε
378 1186 531 1275 χρῆσθαι,
545 1171 691 1269 μᾶδικεῖν
704 1185 919 1274 πειρωμένοις,

207 1297 284 1365 ἀλλ’
299 1297 385 1364 οἷσιν
398 1280 493 1369 αἰδὼς
507 1296 581 1381 μήτ’
597 1296 811 1382 ἐπαγγέλλειν
826 1297 909 1365 κακὰ

122 1449 124 1456 s
204 1411 279 1497 μήτ’
294 1411 527 1500 ἀνθυπουργεῖν
539 1409 663 1500 αἰσχρὰ
678 1385 764 1498 τοῖσι
776 1410 962 1500 χρωμένοις·

206 1526 264 1592 οὐκ
278 1522 477 1626 έγγελαστὴς
491 1527 555 1590 τῶν
569 1523 775 1620 ὁμιλούντων,
790 1526 904 1614 πάτερ,
1069 1543 1150 1591 1000
1220 1539 1224 1543 '
1290 1599 1301 1620 ι

206 1635 282 1703 ἀλλ’
298 1633 393 1726 αιἰτός
407 1635 445 1700 οὐ
458 1640 601 1723 παροῦσι
615 1623 735 1730 κᾶγγὺς
749 1635 794 1702 ὢν
808 1635 923 1724 φιλοις.

207 1746 275 1818 ἑνὸς
289 1745 316 1812 δ’
332 1745 472 1829 ἄθικτος,
487 1744 510 1834 ᾦ
525 1773 565 1829 με
580 1751 635 1814 νῦν
650 1747 735 1832 ἑλεῖν
749 1747 859 1819 δοκεῖς·

206 1860 324 1950 λέχους
337 1859 400 1947 γὰρ
417 1860 448 1931 ἐς
463 1858 527 1926 τόδ’
542 1859 661 1948 ἡμέρας
674 1860 772 1954 ὁγνὸν
786 1860 891 1946 δέμας.

208 1972 267 2038 οὐκ
281 1969 352 2037 οῖδα
365 1971 485 2058 πρᾶξιν
500 1969 603 2053 τήνδε,
618 1969 708 2052 πλὴν
721 1971 809 2058 λόγῳ
824 1971 931 2038 κλύων

208 2087 317 2172 γραφῇ
332 2109 368 2149 τε
381 2081 540 2166 λεύσσων·
563 2081 635 2148 οὐδὲ
650 2088 752 2151 ταῦτα
765 2083 828 2172 γὰρ
843 2088 978 2151 σκοπεῖν
1069 2099 1147 2166 1005

207 2193 369 2284 πρόθυμός
383 2192 458 2277 εἰμι,
473 2191 632 2280 παρθένον
645 2192 762 2284 ψυχὴν
776 2193 870 2283 ἔχων.
1204 2203 1206 2206 ’

210 2306 265 2373 καὶ
279 2304 318 2388 δὴ
332 2304 369 2371 τὸ
384 2307 515 2393 σῶφρον
529 2303 646 2388 τούμὸν
660 2305 698 2370 οὐ
712 2305 816 2372 πείθει
830 2304 863 2371 σ’
879 2305 965 2378 ἴσως·

208 2417 257 2484 δεῖ
269 2416 310 2498 δή
323 2443 362 2483 σε
376 2415 476 2500 δεῖξαι
490 2418 536 2503 τῷ
550 2413 660 2504 τρόπῳ
675 2415 856 2509 διεφθᾴρην.

207 2528 329 2617 πότερα
343 2527 380 2594 τὸ
395 2526 494 2611 τῆσδε
508 2525 590 2611 σῶμ’
606 2527 854 2614 ἐκαλλισῑςύετο
933 2549 938 2557 “
956 2544 959 2556 ’

207 2642 324 2707 πασῶν
336 2642 520 2724 γυναικοῖν,
542 2637 638 2722 ἢσδν
652 2638 794 2722 οἰκήσειν
808 2638 904 2724 δόμον
1069 2657 1183 2748 101οΧ
1233 2651 1238 2656 '

206 2751 364 2840 ἔγκληρον
377 2749 470 2832 εὐνὴν
483 2748 687 2838 προσλαβὼν
701 2751 873 2840 ἐπήλπισα
886 2779 897 2827 ,·
1155 2741 1165 2754 ’

205 2847 341 2947 μάταιος
355 2860 404 2950 ἆρ’
419 2861 468 2944 ἦν,
484 2861 623 2960 οὐδαμοῦ
636 2861 696 2946 μὲν
710 2862 765 2929 οὖν
779 2864 909 2950 φρενῶν.

205 2973 282 3040 ἀλλ’
298 2975 340 3045 ὡς
354 2976 516 3061 τυραννεῖν
530 2971 590 3055 ἡδὺ
604 2977 692 3038 τοῖσι
707 2973 884 3062 σώφροσιν·

150 3136 205 3190 997.
241 3125 372 3192 χρῆσθαι
395 3127 447 3176 like
468 3127 511 3176 the
533 3127 608 3176 Latin
692 3139 761 3176 1012.
798 3125 900 3192 iat-eois·
911 3142 968 3191 may
978 3140 1070 3190 genera
1116 3126 1149 3175 be

101 3193 145 3252 uti,
159 3193 203 3241 has
215 3193 257 3242 the
269 3209 339 3242 sense
350 3192 379 3242 of
389 3191 570 3256 ‘associating.’
640 3191 753 3242 takenin
769 3192 813 3241 the
831 3207 903 3242 sense
922 3191 951 3240 of
970 3193 1032 3254 ‘nay
1051 3199 1089 3240 rat
1142 3190 1149 3214 ’

155 3256 223 3306 1008.
259 3257 287 3306 If
304 3273 353 3322 you
372 3257 507 3307 disbelieve
524 3258 551 3306 in
568 3273 611 3322 my
642 3257 969 3322 ascorrectingaprevious
980 3263 1120 3305 statement.

103 3323 253 3386 professions
280 3323 309 3371 of
327 3323 448 3386 modesty,
473 3338 523 3386 you
544 3329 611 3372 must
707 3321 821 3387 οὐδαμοῦ
832 3321 943 3388 φρενῶνε
966 3322 1002 3370 lit.
1022 3321 1151 3371 nowhere

102 3389 211 3450 produce
223 3403 291 3435 some
307 3388 460 3452 satisfactory
471 3403 570 3437 reasons
582 3396 608 3437 to
640 3388 667 3437 in
678 3404 720 3452 my
731 3389 809 3446 mind,
824 3389 839 3436 ι’.
851 3405 869 3436 e.
884 3395 927 3437 out
939 3386 968 3437 of
975 3402 1018 3451 my
1028 3401 1119 3436 sensns.
1143 3313 1167 3474 φ

102 3460 206 3500 account
217 3451 255 3499 sor
264 3467 307 3514 my
318 3453 467 3519 attempting
485 3453 527 3502 the
546 3453 607 3501 hon·
692 3465 761 3516 1013.
797 3451 882 3502 δλλδι
899 3452 1056 3516 introducing
1066 3467 1082 3500 ο
1093 3467 1150 3516 sup·

102 3531 147 3564 our
158 3516 186 3564 os
201 3515 312 3565 Phaedra.
511 3561 516 3569 .
640 3519 719 3582 posed
730 3517 856 3582 objection
874 3519 934 3572 ‘but
951 3533 1000 3582 you
1017 3517 1071 3567 will
1087 3515 1150 3581 say,’
