2618 3884
161 171 388 255 1386-1409]
543 173 832 246 ΙΠΠΟΛΤΤΟΣ.

268 370 348 456 ἐμόν
362 369 447 439 τοῦδ’
463 373 648 458 άναληήτου
662 373 785 446 πάθους
797 404 808 452 ,·

267 485 332 553 εἴθε
345 513 386 570 με
400 485 557 574 κοιμίσειε
570 485 626 553 τὸν
641 486 838 576 δυσδαίμονα

259 594 377 663 ’Ἃιδου
390 597 530 682 μέλαινα
544 597 690 686 νόιιτερός
704 597 731 664 τ’
747 599 882 684 ἀνάγκα.

158 713 230 777 ΑΡ.
264 709 437 795 ὧτλῆμου,
453 691 506 800 οἵη
521 713 669 800 ξυμφορᾷ
684 711 860 806 ξυνεζάγης·

266 821 303 888 τὸ
318 820 345 888 δ’
361 821 482 908 εὐγενές
496 850 535 890 σε
550 827 615 890 τῶν
628 827 751 912 φρενῶν
766 825 927 893 διώλεσεν.

157 940 222 1004 ΙΠ.
261 937 307 1004 ἔα.

264 1159 308 1226 ὢν
321 1157 469 1245 ᾐσθόμην
482 1185 543 1226 σου
557 1158 813 1256 κάνεκουῇσθην
827 1161 932 1246 δέμας·

263 1268 331 1336 ἔστ’
348 1271 381 1336 ἐν
396 1268 528 1337 τόποισι
542 1269 656 1336 τοισίδ’
668 1269 821 1360 ’Ἄρτεμις
837 1273 904 1340 θεά.

153 1383 225 1446 ΑΡ.
258 1378 283 1446 ὦ
299 1385 432 1465 τλῆμον,
449 1380 530 1458 ἔστι,
547 1381 604 1448 σοί
614 1407 652 1466 ηε
667 1381 811 1465 φιλτάτη
827 1383 914 1450 θεῶν.

154 1493 219 1557 ΙΠ.
258 1490 334 1581 ὁρᾷς
347 1519 397 1576 με,
414 1492 566 1570 δέσποιν’,
582 1495 624 1564 ὡς
639 1493 714 1582 ἔχω,
731 1492 786 1560 τὸν
800 1493 940 1574 όθλιον;

150 1605 222 1670 ΑΡ.
254 1601 327 1691 όρῶ·
344 1603 414 1670 κατ’
430 1605 540 1670 ὅσσων
555 1603 581 1670 δ’
597 1605 635 1670 οὐ
650 1604 739 1689 θέμις
752 1607 870 1687 βαλεῖν
885 1606 992 1694 δάκρυ.
1094 1607 1099 1616 “

149 1718 214 1782 ΙΠ.
249 1717 306 1782 οὐκ
321 1715 394 1782 ἔστι
409 1743 464 1782 σοι
479 1715 614 1807 ιιυν-αιγός
628 1716 692 1783 οὐδ’
709 1717 879 1806 ὑπηρέτης.

147 1830 216 1894 ΑΡ.
251 1829 289 1893 οὐ
304 1827 380 1910 δῆτ’·
396 1829 480 1917 ἀτάρ
494 1854 550 1911 μοι
564 1826 752 1928 προσφιλὴς
767 1808 966 1894 ἀπόλλυσαι.

149 1939 217 2004 ΙΠ.
255 1937 319 2028 οὐδ’
337 1937 525 2040 ἱππονιόμας
539 1937 603 2006 οὐδ’
619 1939 817 2038 ἅηαλρμίτων
831 1939 949 2028 φύλαξ.

146 2051 217 2116 ΑΡ.
252 2049 380 2139 Κύπρις
394 2049 457 2139 ’γὰρ
472 2052 492 2132 ἦ
507 2056 686 2139 πανοῦργος
701 2049 754 2117 ὧδ’
771 2050 924 2138 ἐμήσατο.

146 2163 211 2227 ΙΠ.
250 2149 340 2246 ὤμόι.
363 2166 471 2250 φρονῶ
486 2159 525 2243 δὴ
540 2143 660 2245 δαίμον’
676 2162 697 2244 ἥ
711 2161 743 2246 μ’
759 2161 919 2228 ἀπώλεσε.

145 2275 216 2340 ΑΡ.
251 2279 345 2358 τιμῆς
360 2273 516 2361 ἐμέμφθη,
531 2277 750 2360 σωφρονοῦντι
765 2271 792 2338 δ’
807 2271 934 2360 ἤχθετο.

145 2387 212 2452 ΙΠ.
247 2391 330 2474 τρεῖς
344 2367 438 2458 ὄντας
452 2387 536 2468 ἡμᾶς
550 2383 657 2460 ὤλεσ’,
672 2383 827 2482 ᾔσθηιαι,
840 2382 907 2466 μία.

143 2503 215 2566 ΑΡ.
249 2501 375 2586 πατέρα
389 2527 425 2566 τε
440 2498 494 2566 καί
510 2498 550 2564 σὲ
564 2498 619 2565 καὶ
638 2499 746 2586 τρίτην
761 2498 923 2594 ξυνάορον.

143 2613 211 2677 ΙΠ.
245 2611 362 2698 ᾤμωξα
375 2611 482 2678 τοίνυν
497 2610 551 2677 καὶ
566 2609 688 2698 πατρὸς
703 2608 910 2696 δυσπραξίας.

142 2725 213 2788 ΑΡ.
248 2721 435 2806 ἐξηπατήθη
450 2721 597 2805 δαίμονος
617 2719 850 2804 βουλεύμασιν.

143 2835 210 2898 ΙΠ.
249 2831 274 2898 ὦ
289 2832 454 2904 δυστάλας
469 2831 512 2897 σὺ
526 2831 625 2914 τῆσδε
640 2835 817 2918 συμφορᾶς,
833 2831 946 2918 πάτερ.

145 2947 221 3012 ΘΗ.
249 2923 369 3023 όλωλα,
385 2944 504 3022 τέκνον,
521 2942 593 3025 οὐδέ
607 2970 663 3026 μοι
676 2922 773 3031 χάρις
786 2942 872 3022 βίου.

140 3060 205 3125 ΙΠ.
243 3057 346 3146 στένω
360 3057 400 3122 σὲ
413 3061 542 3141 μᾶλλον
555 3057 576 3140 ἢ
591 3056 641 3141 ’μὲ
656 3062 712 3139 τῆς
727 3055 894 3143 ἁμαρτίας.

190 3367 260 3416 1402.
296 3357 389 3418 τιμῆςε
417 3353 525 3417 genitive
558 3352 651 3415 stating
682 3353 736 3410 (not
764 3350 824 3414 paid
851 3348 913 3409 her),
944 3347 975 3396 ef.
1008 3347 1085 3396 Hom.
1115 3347 1146 3397 ΙΙ.
1173 3361 1190 3396 1.

139 3419 182 3469 the
192 3435 281 3468 reason
291 3434 320 3468 or
337 3433 427 3468 cause:
453 3417 513 3466 ‘she
530 3433 582 3474 was
602 3417 651 3465 dis·
681 3417 697 3475 ἡ
725 3417 755 3478 ἄρ
776 3414 816 3476 ὀγ
842 3414 952 3475 εὐχωλῆς
978 3413 1149 3474 ἐπιμέμφεται,
1179 3415 1196 3472 ἢ

138 3485 248 3535 satisfied
264 3485 298 3548 by
314 3500 402 3534 reason
421 3483 450 3532 os
466 3499 536 3532 some
550 3481 652 3531 honour
681 3481 826 3542 ἑκατόμβης.
1084 3555 1094 3590 1
