2618 3884
121 189 163 250 26
205 179 209 185 ’
504 185 767 249 ΕΥΡΙΠΙΔΟΥ
997 203 1181 280 493-5141

225 386 254 452 εἰ
266 385 402 472 μὲνγὰρ
415 384 455 465 ἦν
469 412 524 450 σοι
537 385 583 467 μὴ
596 384 647 450 ’πὶ
660 389 841 472 συμφοραῖς
854 384 929 463 βίος

224 497 376 571 τοιαῖσδε,
393 485 573 584 σώᾷἳρωνδ
588 495 657 562 οὖσ’
672 497 844 584 ἐτύγχανες
860 494 950 579 γυνὴ,

225 609 283 673 οὐκ
297 607 337 672 ἅν
350 606 423 672 ποτ’
438 607 528 702 ciffi?
542 605 647 694 οὕνεχ’
661 606 774 687 ἡδονῆς
788 633 824 670 τε
837 609 898 688 σῆς
1105 625 1168 690 495

225 703 368 805 προῇγον
381 716 422 781 ἄν
435 743 475 781 σε
489 716 588 803 δεῦρο·
612 721 667 782 νῦν
681 713 708 780 δ’
723 716 811 798 ἇιγὼν
823 717 924 800 μέγας

224 833 332 894 σῶσαι
345 827 421 907 βίον
436 827 505 902 σὸν,
521 828 600 892 κούκ
613 826 787 936 ἒπίφξρῃον
801 827 883 894 τόδε.

119 952 187 1016 ΦΑ.
225 947 250 1012 ὦ
265 945 352 1012 δεινὰ
365 945 488 1028 λέξασ’,
504 945 578 1033 οὐχὶ
592 945 789 1030 συγκλῄσας
803 944 920 1028 στόμα,

225 1058 279 1123 καὶ
294 1057 339 1140 μὴ
353 1057 503 1144 μεθήσεις
517 1055 607 1125 αὖθις
621 1055 813 1143 αἰσχίστους
827 1054 966 1138 haime,-

118 1173 186 1235 ΤΡ.
222 1166 342 1256 αἴσχρ’,
356 1165 433 1232 ἀλλ’
448 1166 565 1256 ἀμείνω
579 1170 644 1231 τῶν
658 1170 767 1230 καλῶν
781 1165 851 1230 τάδ’
867 1167 943 1231 ἐστι’
954 1194 1015 1231 σοι.
1107 1185 1172 1250 500

225 1283 377 1366 κρεῖσσον
391 1277 426 1342 δὲ
432 1278 583 1366 τοῦργον,
598 1275 688 1362 εἴπερ
703 1275 842 1340 ἐκσώσει
855 1275 893 1360 γε’
907 1302 954 1352 σε,

223 1394 244 1476 ἦ
260 1392 395 1477 τοῦνομ’,
412 1392 438 1480 ᾦ
452 1391 495 1458 σὺ
508 1392 660 1457 κατθανεῖ
671 1392 879 1479 γαυρουμένη.

179 1561 187 1574 .
225 1510 280 1575 καὶ
293 1509 339 1592 μή
354 1536 393 1574 σε
406 1508 486 1596 πρὸς
502 1508 590 1582 θεῶν,
606 1508 641 1573 εὖ
654 1506 759 1590 λέγεις
772 1507 845 1595 γὰρ,
861 1507 986 1596 αἰσχρὰ
1000 1508 1044 1583 δὲ,

224 1620 309 1708 πέρα
321 1620 448 1707 προβῇς
463 1616 563 1683 τῶνδ’·
586 1619 628 1688 ὡς
643 1616 862 1703 ὑπείργασμαι
875 1617 935 1701 μὲν
949 1619 985 1684 ἐὖ

224 1729 340 1819 ψυχὴν
355 1729 457 1817 ἔρωτι,
473 1726 605 1816 τᾴσχρὰ
620 1727 646 1792 δ’
662 1727 702 1809 ἣν
715 1728 812 1813 λέγῃς
826 1732 943 1804 καλῶς,
1106 1746 1166 1812 505

225 1842 256 1912 ἐς
270 1839 355 1906 τοῦθ’
372 1839 389 1904 ὃ
404 1839 511 1927 φεύγω
525 1845 580 1904 νῦν
594 1839 855 1920 ἅναλωθήσομαι.

178 2002 184 2016 .
222 1951 252 2016 εἴ
263 1977 314 2015 τοι
328 1950 415 2015 δοκεῖ
428 1975 491 2024 σοι,
507 1952 590 2040 χρῆν
603 1922 978 2036 μῗοῖἷὰχμαρτάνειν·

224 2061 252 2127 εἰ
266 2059 293 2125 δ’
309 2061 372 2135 οὖν,
388 2059 487 2125 πιθοῦ
499 2085 564 2142 μοι·
587 2057 718 2144 δευτέρα
731 2057 795 2145 γὰρ
810 2060 829 2138 ἡ
845 2059 955 2146 χάρις’

224 2174 314 2239 ἔστιν
328 2172 397 2238 κατ’
413 2173 517 2243 οἴκους
532 2171 654 2260 φιλτρα
669 2199 725 2254 μοι
740 2172 915 2260 θελκτήρια

224 2285 347 2372 ἔρωτος,
361 2285 441 2366 ἦλθε
456 2283 482 2350 δ’
498 2246 642 2371 ἄρτιμδι
656 2283 782 2367 γνώμης
797 2283 871 2359 ἔσω,
1104 2305 1168 2369 510

118 2448 120 2454 .
223 2395 290 2462 ἅσ’
307 2394 371 2462 οὔτ’
388 2394 437 2460 ἐπ’
453 2395 601 2483 αἰσχροῖς
616 2392 681 2461 οὔτ’
697 2396 751 2460 ε’πὶ
765 2398 884 2482 βλάβῃ
900 2399 1022 2484 φρενῶν

223 2507 343 2572 παύσει
358 2505 454 2571 νόσου
467 2504 569 2588 τῆσδ’,
584 2505 624 2587 ἢν
639 2507 681 2570 σὺ
694 2505 740 2590 μὴ
754 2507 830 2593 γένῃ
845 2507 937 2588 κακή.

224 2619 286 2703 [δεῖ
299 2617 326 2684 δ’
342 2619 379 2701 ἐξ
392 2616 510 2682 ἐκείνου
525 2616 563 2698 δή
578 2643 611 2682 τι
619 2603 684 2683 ’τοῦ
698 2618 895 2701 ποθουμένου

192 2743 196 2748 ’
223 2735 363 2813 σημεῖον,
378 2728 399 2810 ἢ
414 2727 512 2812 λόγον
526 2726 584 2793 τιν’
599 2728 620 2810 ἢ
635 2728 771 2794 πέπλων
786 2729 851 2794 ἄπο

165 2965 220 3016 497.
259 2954 341 3002 When
353 2953 372 3002 it
384 2954 498 3002 isacase
509 2953 538 3003 of
545 2953 588 3004 life
599 2971 627 3004 or
710 2953 764 3018 508.
801 2952 904 3020 δευτέρα
919 2957 1044 3022 ἡχάριςε
1068 2960 1113 3008 has
1131 2961 1174 3010 the

115 3020 198 3078 death,
223 3019 347 3068 whatever
369 3021 499 3083 expedient
517 3037 565 3069 one
583 3021 628 3068 has
660 3035 727 3068 same
739 3022 854 3084 meaning
865 3038 891 3070 as
903 3023 945 3072 the
957 3025 1053 3087 phrase,
1066 3027 1175 3088 δεύτερος

116 3095 150 3198 χιχ
153 3093 232 3159 ¹resort
243 3093 277 3144 to,
292 3085 311 3133 it
322 3085 373 3133 will
385 3094 429 3134 not
447 3085 479 3134 be
499 3095 550 3134 met
567 3086 628 3134 with
660 3087 764 3172 thohu,
788 3087 855 3135 ‘that
883 3088 904 3135 is
931 3105 993 3152 your
1026 3091 1085 3140 n'ext
1119 3093 1174 3140 best
1195 3110 1197 3118 ·

152 3165 210 3198 ium.
660 3166 752 3199 course.

166 3213 231 3276 5067·
257 3212 471 3279 ἀναλυθήσομαιι
488 3215 523 3264 lit.
540 3215 626 3264 Ishall
708 3227 762 3278 511·
798 3214 839 3265 ἐπ’
857 3216 998 3282 elmete:
1026 3221 1057 3270 cf.
1077 3221 1115 3270 sor
1132 3221 1174 3272 the

117 3280 148 3327 be
168 3277 314 3342 expended:
331 3283 346 3328 ι’.
357 3297 375 3328 c.
398 3281 460 3328 aster
477 3280 569 3343 having
586 3297 626 3329 ex·
659 3281 775 3344 meaning
786 3281 814 3329 os
822 3284 870 3341 ἐπὶ,
886 3283 902 3331 l.
916 3295 972 3346 459.

117 3344 221 3392 hausted
239 3345 273 3391 all
289 3361 331 3408 my
349 3361 479 3404 resources,
495 3345 584 3393 Ishall
595 3346 626 3394 be
708 3357 763 3408 512.
798 3346 890 3396 παύειν
916 3350 1075 3409 (active)=to
1098 3352 1173 3401 make

117 3409 223 3458 reduced
236 3417 262 3457 to
273 3409 315 3457 the
328 3426 387 3473 very
397 3411 469 3475 thing
483 3411 565 3460 which
577 3412 596 3458 it
607 3411 627 3458 is
660 3418 686 3458 to
714 3419 790 3460 cease.
826 3412 956 3463 παύεσθαι
985 3416 1173 3476 (middle)=to

117 3490 159 3537 my
170 3474 249 3523 desire
261 3482 287 3522 to
298 3475 379 3523 avoid.
660 3491 735 3524 cease.
